<?xml version="1.0" encoding="UTF-8"?><collection xmlns="http://www.loc.gov/MARC21/slim"><record><leader>00415nam--2200133-i-4500</leader><controlfield tag="001">000045572</controlfield><controlfield tag="002">20161230</controlfield><controlfield tag="005">20161230201045</controlfield><controlfield tag="008">060222s1000------------r-----000-0-eng-d</controlfield><datafield ind1=" " ind2=" " tag="080"><subfield code="a">537.31(043)</subfield></datafield><datafield ind1=" " ind2=" " tag="100"><subfield code="a">Toureille, Alain</subfield></datafield><datafield ind1=" " ind2=" " tag="245"><subfield code="a">Sur les phenomenes de conduction a champ electrique eleve dans les hauts polymeres. these</subfield></datafield><datafield ind1=" " ind2=" " tag="260"><subfield code="a">Languedoc, Universite Des Sciences Et Techniques, 1974, 147p</subfield></datafield><datafield ind1=" " ind2=" " tag="852"><subfield code="a">78001</subfield></datafield></record></collection>